<record><leader>00000cas a22000007a 4500</leader><controlfield tag="001">13038827</controlfield><controlfield tag="008">860120d1885189uiauwr ne      0    0eng d</controlfield><datafield ind1=" " ind2=" " tag="010"><subfield code="a">sn 86061000 </subfield></datafield><datafield ind1=" " ind2=" " tag="040"><subfield code="a">INP</subfield><subfield code="b">eng</subfield><subfield code="c">INP</subfield><subfield code="d">OCLCQ</subfield></datafield><datafield ind1=" " ind2=" " tag="042"><subfield code="a">msc</subfield></datafield><datafield ind1="0" ind2="0" tag="245"><subfield code="a">Bluff Park journal.</subfield></datafield><datafield ind1=" " ind2=" " tag="260"><subfield code="a">Montrose, Lee County, Iowa :</subfield><subfield code="b">Chas. A. Clingman, Ella M. McLoughlin</subfield></datafield><datafield ind1=" " ind2=" " tag="300"><subfield code="a">v. :</subfield><subfield code="b">ill.</subfield></datafield><datafield ind1=" " ind2=" " tag="310"><subfield code="a">Weekly</subfield></datafield><datafield ind1="1" ind2=" " tag="362"><subfield code="a">Began in 1885.</subfield><subfield code="z">Cf. Bibl. of Iowa newspapers.</subfield></datafield><datafield ind1="1" ind2=" " tag="362"><subfield code="a">Ceased between Nov. 19, 1891 and Dec. 15, 1893.</subfield></datafield><datafield ind1=" " ind2=" " tag="580"><subfield code="a">"Consolidated with the Western Tattler (non-extant), Jan. 1, 1891." Cf. Bluff Park journal, Jan. 15, 1891.</subfield></datafield><datafield ind1=" " ind2=" " tag="588"><subfield code="a">Description based on: Vol. 5, no. 1 (Nov. 22, 1889).</subfield></datafield><datafield ind1=" " ind2=" " tag="752"><subfield code="a">United States</subfield><subfield code="b">Iowa</subfield><subfield code="c">Lee</subfield><subfield code="d">Montrose.</subfield></datafield><datafield ind1="1" ind2="5" tag="780"><subfield code="t">Western tattler</subfield></datafield><datafield ind1="0" ind2="0" tag="785"><subfield code="t">Montrose Bluff Park journal</subfield><subfield code="w">(DLC)sn 86061001</subfield></datafield><datafield ind1="1" ind2=" " tag="029"><subfield code="a">AU@</subfield><subfield code="b">000025810377</subfield></datafield></record>